biblio.bib

Contains the bibliography entries for the main paper

Michael You

@electronic{biking_popularity,
  title         = "10 Reasons Bicycling Will Continue to Soar in Popularity",
  url           = "https://www.strongtowns.org/journal/2018/2/9/12-reasons-bicycling-will-continue-to-soar-in-popularity",
  year          = "2018"
}

@electronic{biking_crashes,
  title         = "Pedestrian and Bicyclist Crash Statistics",
  url           = "http://www.pedbikeinfo.org/data/factsheet_crash.cfm",
  year          = "2015"
}

@electronic{biking_cases,
  title         = "Five Most Common Causes of Bike Accidents",
  url           = "https://www.missourilawyers.com/bicycle-accident-lawyer/five-common-causes/",
  year          = "2019"
}

@electronic{lane_width,
  sectiontitle  = "Lane Width",
  title         = "Urban Street Design Guide",
  organization  = "National Association of City Transportation Officials",
  url           = "https://nacto.org/publication/urban-street-design-guide/street-design-elements/lane-width/",
  year          = "2013"
}

@electronic{braking_distance,
  sectiontitle  = "Sight Distance",
  title         = "Guide for the Development of Bicycle Facilities",
  pages         = "40-46",
  organization  = "American Association of State Highway and Transportation Officials",
  url           = "http://www.muggaccinos.com/Liability/BrakeCalcs/USA/PWB-RBTF_2008_Guide-for-Dev-Bicycle-Facilities.pdf",
  year          = "1999"
}

@electronic{light-brightness,
  sectiontitle  = "Table V-c",
  title         = "Electronic Code of Federal Regulations, Title 49, Subtitle B, Chapter V, Part 571, Subpart B, ยง571.108",
  organization  = "Government Publishing Office",
  url           = "https://www.ecfr.gov/cgi-bin/text-idx?node=se49.6.571_1108",
  year          = "1999"
}

@electronic{ipx-waterproofing,
    title = "IPX4 WATER RESISTANCE: WHAT IT MEANS AND WHY YOU NEED IT",
    url   = "https://phiaton.com/ipx4-water-resistance-what-it-means-and-why-you-need-it/",
    year  = "2019"
}

@article{reaction-time,
title = "Hazard perception in young cyclists and adult cyclists",
journal = "Accident Analysis and Prevention",
volume = "105",
pages = "64 - 71",
year = "2017",
note = "Improving cyclist safety through scientific research, ICSC2015.",
issn = "0001-4575",
doi = "https://doi.org/10.1016/j.aap.2016.04.034",
url = "http://www.sciencedirect.com/science/article/pii/S0001457516301476",
author = "Linus H.R.H. Zeuwts and Pieter Vansteenkiste and Frederik J.A. Deconinck and Greet Cardon and Matthieu Lenoir",
keywords = "Bicyclists, Hazard perception test, Children, Situation awareness"
}

@electronic{cycling-speed,
  title         = "Here's what bike commuting looks like in 12 major cities",
  url           = "https://www.vox.com/2015/10/8/9480951/bike-commute-data-strava",
  author        = "Agnes Mazur",
  year          = "2015"
}

@electronic{bicycle_weight,
    title   = "How Much Do Bikes Weigh? The Importance of Bicycle Weight",
    url     = "https://thexfire.com/bike-weighs",
    author  = "The Xfire",
    year    = "2018"
}

@electronic{honda_safety,
    title = "What is Honda Sensing?",
    url = "https://automobiles.honda.com/sensing",
    author = "Honda",
    year = "2019"
}

@electronic{bicycle_blind_spot,
    title = "Bicycle Blind Spot Detection System",
    url = "https://www.youtube.com/watch?v=RPCDX7T3nGc",
    author = "Mitchell Johnston",
    year = "2016"
}

@electronic{bicycle_sixth_sense,
    title = "Sixth Sense Bicycle Blindspot Monitoring",
    url = "https://www.youtube.com/watch?v=8ujU6iDDcfg",
    author = "Jason Thakkar",
    year = "2016"
}

@electronic{bicycle_lights_cygolite,
    title = "Cygolite Dash Pro 600/Hotrod 50 Bike Light Set",
    url = "https://www.rei.com/product/110180/cygolite-dash-pro-600-hotrod-50-bike-light-set",
    author = "REI",
    year = "2019"
}

@electronic{bicycle_lights_niterider,
    title = "NiteRider Lumina 1200 Boost Front Bike Light",
    url = "https://www.rei.com/product/143485/niterider-lumina-1200-boost-front-bike-light",
    author = "REI",
    year = "2019"
}

