@misc{bike_accidents,
  title = {Five Most Common Causes of Bike Accidents},
  howpublished = {\url{https://www.missourilawyers.com/bicycle-accident-lawyer/five-common-causes/}},
  author = {Sansone, Benjamin and Lauber, Gary},
  note = {Accessed: 2019-1-20}
}